@inproceedings{Soekhoe2016,
author = {Soekhoe, Deepak and Putten, Peter and Plaat, Aske},
year = {2016},
month = {10},
pages = {50-60},
title = {On the Impact of Data Set Size in Transfer Learning Using Deep Neural Networks},
isbn = {978-3-319-46348-3},
doi = {10.1007/978-3-319-46349-0_5}
}
@article{thakur2021beir,
  title={Beir: A heterogenous benchmark for zero-shot evaluation of information retrieval models},
  author={Thakur, Nandan and Reimers, Nils and R{\"u}ckl{\'e}, Andreas and Srivastava, Abhishek and Gurevych, Iryna},
  journal={arXiv preprint arXiv:2104.08663},
  year={2021}
}
@article{bejani2021systematic,
  title={A systematic review on overfitting control in shallow and deep neural networks},
  author={Bejani, Mohammad Mahdi and Ghatee, Mehdi},
  journal={Artificial Intelligence Review},
  pages={1--48},
  year={2021},
  publisher={Springer}
}
@article{devlin2018bert,
  title={Bert: Pre-training of deep bidirectional transformers for language understanding},
  author={Devlin, Jacob and Chang, Ming-Wei and Lee, Kenton and Toutanova, Kristina},
  journal={arXiv preprint arXiv:1810.04805},
  year={2018}
}
@inproceedings{voorhees2021trec,
  title={TREC-COVID: constructing a pandemic information retrieval test collection},
  author={Voorhees, Ellen and Alam, Tasmeer and Bedrick, Steven and Demner-Fushman, Dina and Hersh, William R and Lo, Kyle and Roberts, Kirk and Soboroff, Ian and Wang, Lucy Lu},
  booktitle={ACM SIGIR Forum},
  volume={54},
  number={1},
  pages={1--12},
  year={2021},
  organization={ACM New York, NY, USA}
}
@inproceedings{pfeiffer2020,
    title = "{A}dapter{H}ub: A Framework for Adapting Transformers",
    author = {Pfeiffer, Jonas  and
      R{\"u}ckl{\'e}, Andreas  and
      Poth, Clifton  and
      Kamath, Aishwarya  and
      Vuli{\'c}, Ivan  and
      Ruder, Sebastian  and
      Cho, Kyunghyun  and
      Gurevych, Iryna},
    booktitle = "Proceedings of the 2020 Conference on Empirical Methods in Natural Language Processing: System Demonstrations",
    month = oct,
    year = "2020",
    address = "Online",
    publisher = "Association for Computational Linguistics",
    url = "https://aclanthology.org/2020.emnlp-demos.7",
    doi = "10.18653/v1/2020.emnlp-demos.7",
    pages = "46--54",
}
@article{scikit-learn,
 title={Scikit-learn: Machine Learning in {P}ython},
 author={Pedregosa, F. and Varoquaux, G. and Gramfort, A. and Michel, V.
         and Thirion, B. and Grisel, O. and Blondel, M. and Prettenhofer, P.
         and Weiss, R. and Dubourg, V. and Vanderplas, J. and Passos, A. and
         Cournapeau, D. and Brucher, M. and Perrot, M. and Duchesnay, E.},
 journal={Journal of Machine Learning Research},
 volume={12},
 pages={2825--2830},
 year={2011}
}
@Article{harris2020array,
 title         = {Array programming with {NumPy}},
 author        = {Charles R. Harris and K. Jarrod Millman and St{\'{e}}fan J.
                 van der Walt and Ralf Gommers and Pauli Virtanen and David
                 Cournapeau and Eric Wieser and Julian Taylor and Sebastian
                 Berg and Nathaniel J. Smith and Robert Kern and Matti Picus
                 and Stephan Hoyer and Marten H. van Kerkwijk and Matthew
                 Brett and Allan Haldane and Jaime Fern{\'{a}}ndez del
                 R{\'{i}}o and Mark Wiebe and Pearu Peterson and Pierre
                 G{\'{e}}rard-Marchant and Kevin Sheppard and Tyler Reddy and
                 Warren Weckesser and Hameer Abbasi and Christoph Gohlke and
                 Travis E. Oliphant},
 year          = {2020},
 month         = sep,
 journal       = {Nature},
 volume        = {585},
 number        = {7825},
 pages         = {357--362},
 doi           = {10.1038/s41586-020-2649-2},
 publisher     = {Springer Science and Business Media {LLC}},
 url           = {https://doi.org/10.1038/s41586-020-2649-2}
}
@inproceedings{mckinney2010data,
  title={Data structures for statistical computing in python},
  author={McKinney, Wes and others},
  booktitle={Proceedings of the 9th Python in Science Conference},
  volume={445},
  pages={51--56},
  year={2010},
  organization={Austin, TX}
} 