@inproceedings{Soekhoe2016,
author = {Soekhoe, Deepak and Putten, Peter and Plaat, Aske},
year = {2016},
month = {10},
pages = {50-60},
title = {On the Impact of Data Set Size in Transfer Learning Using Deep Neural Networks},
isbn = {978-3-319-46348-3},
doi = {10.1007/978-3-319-46349-0_5}
}
@inproceedings{thakur2021beir,
 author = {Thakur, Nandan and Reimers, Nils and R\"{u}ckl\'{e}, Andreas and Srivastava, Abhishek and Gurevych, Iryna},
 booktitle = {Proceedings of the Neural Information Processing Systems Track on Datasets and Benchmarks},
 editor = {J. Vanschoren and S. Yeung},
 pages = {},
 publisher = {Curran},
 title = {BEIR: A Heterogeneous Benchmark for Zero-shot Evaluation of Information Retrieval Models},
 url = {https://datasets-benchmarks-proceedings.neurips.cc/paper_files/paper/2021/file/65b9eea6e1cc6bb9f0cd2a47751a186f-Paper-round2.pdf},
 volume = {1},
 year = {2021}
}
@article{bejani2021systematic,
  title={A systematic review on overfitting control in shallow and deep neural networks},
  author={Bejani, Mohammad Mahdi and Ghatee, Mehdi},
  journal={Artificial Intelligence Review},
  pages={1--48},
  year={2021},
  publisher={Springer},
  doi={10.1007/s10462-021-09975-1},
  url={https://doi.org/10.1007/s10462-021-09975-1}
}
@inproceedings{devlin2018bert,
    title = "{BERT}: Pre-training of Deep Bidirectional Transformers for Language Understanding",
    author = "Devlin, Jacob  and
      Chang, Ming-Wei  and
      Lee, Kenton  and
      Toutanova, Kristina",
    editor = "Burstein, Jill  and
      Doran, Christy  and
      Solorio, Thamar",
    booktitle = "Proceedings of the 2019 Conference of the North {A}merican Chapter of the Association for Computational Linguistics: Human Language Technologies, Volume 1 (Long and Short Papers)",
    month = jun,
    year = "2019",
    address = "Minneapolis, Minnesota",
    publisher = "Association for Computational Linguistics",
    url = "https://aclanthology.org/N19-1423",
    doi = "10.18653/v1/N19-1423",
    pages = "4171--4186",
}
@article{voorhees2021trec,
    author = {Voorhees, Ellen and Alam, Tasmeer and Bedrick, Steven and Demner-Fushman, Dina and Hersh, William R. and Lo, Kyle and Roberts, Kirk and Soboroff, Ian and Wang, Lucy Lu},
    title = {TREC-COVID: Constructing a Pandemic Information Retrieval Test Collection},
    year = {2021},
    issue_date = {June 2020},
    publisher = {Association for Computing Machinery},
    address = {New York, NY, USA},
    volume = {54},
    number = {1},
    issn = {0163-5840},
    url = {https://doi.org/10.1145/3451964.3451965},
    doi = {10.1145/3451964.3451965},
    journal = {SIGIR Forum},
    month = {feb},
    articleno = {1},
    numpages = {12}
}
@inproceedings{pfeiffer2020,
    title = "{A}dapter{H}ub: A Framework for Adapting Transformers",
    author = {Pfeiffer, Jonas  and
      R{\"u}ckl{\'e}, Andreas  and
      Poth, Clifton  and
      Kamath, Aishwarya  and
      Vuli{\'c}, Ivan  and
      Ruder, Sebastian  and
      Cho, Kyunghyun  and
      Gurevych, Iryna},
    booktitle = "Proceedings of the 2020 Conference on Empirical Methods in Natural Language Processing: System Demonstrations",
    month = oct,
    year = "2020",
    address = "Online",
    publisher = "Association for Computational Linguistics",
    url = "https://aclanthology.org/2020.emnlp-demos.7",
    doi = "10.18653/v1/2020.emnlp-demos.7",
    pages = "46--54",
}
@inproceedings{reimers2019sentencebert,
  title = "Sentence-BERT: Sentence Embeddings using Siamese BERT-Networks",
  author = "Reimers, Nils and Gurevych, Iryna",
  booktitle = "Proceedings of the 2019 Conference on Empirical Methods in Natural Language Processing",
  month = "11",
  year = "2019",
  publisher = "Association for Computational Linguistics",
  url = "https://arxiv.org/abs/1908.10084",
}
@inproceedings{hu2022lora,
    title={Lo{RA}: Low-Rank Adaptation of Large Language Models},
    author={Hu, Edward J. and Shen, Yelong and Wallis, Phillip and Allen-Zhu, Zeyuan and Li, Yuanzhi and Wang, Shean and Wang, Lu and Chen, Weizhu},
    booktitle={International Conference on Learning Representations},
    year={2022},
    url={https://openreview.net/forum?id=nZeVKeeFYf9}
}
@misc{huggingface2023peft,
  title =        {PEFT: State-of-the-art Parameter-Efficient Fine-Tuning methods},
  author =       {Sourab Mangrulkar and Sylvain Gugger and Lysandre Debut and Younes Belkada and Sayak Paul and Benjamin Bossan},
  howpublished = {\url{https://github.com/huggingface/peft}},
  year =         {2022}
}
@inproceedings{lhoest2021datasets,
    title = "Datasets: A Community Library for Natural Language Processing",
    author = "Lhoest, Quentin  and
      Villanova del Moral, Albert  and
      Jernite, Yacine  and
      Thakur, Abhishek  and
      von Platen, Patrick  and
      Patil, Suraj  and
      Chaumond, Julien  and
      Drame, Mariama  and
      Plu, Julien  and
      Tunstall, Lewis  and
      Davison, Joe  and
      {\v{S}}a{\v{s}}ko, Mario  and
      Chhablani, Gunjan  and
      Malik, Bhavitvya  and
      Brandeis, Simon  and
      Le Scao, Teven  and
      Sanh, Victor  and
      Xu, Canwen  and
      Patry, Nicolas  and
      McMillan-Major, Angelina  and
      Schmid, Philipp  and
      Gugger, Sylvain  and
      Delangue, Cl{\'e}ment  and
      Matussi{\`e}re, Th{\'e}o  and
      Debut, Lysandre  and
      Bekman, Stas  and
      Cistac, Pierric  and
      Goehringer, Thibault  and
      Mustar, Victor  and
      Lagunas, Fran{\c{c}}ois  and
      Rush, Alexander  and
      Wolf, Thomas",
    booktitle = "Proceedings of the 2021 Conference on Empirical Methods in Natural Language Processing: System Demonstrations",
    month = nov,
    year = "2021",
    address = "Online and Punta Cana, Dominican Republic",
    publisher = "Association for Computational Linguistics",
    url = "https://aclanthology.org/2021.emnlp-demo.21",
    pages = "175--184",
    eprint={2109.02846},
    archivePrefix={arXiv},
    primaryClass={cs.CL},
}
@inproceedings{zhang2023adaptive,
    title={Adaptive Budget Allocation for Parameter-Efficient Fine-Tuning },
    author={Qingru Zhang and Minshuo Chen and Alexander Bukharin and Pengcheng He and Yu Cheng and Weizhu Chen and Tuo Zhao},
    booktitle={The Eleventh International Conference on Learning Representations },
    year={2023},
    url={https://openreview.net/forum?id=lq62uWRJjiY}
}
